@article{cong2022citrus,
  title={Citrus tree crown segmentation of orchard spraying robot based on RGB-D image and improved mask R-CNN},
  author={Cong, Peichao and Zhou, Jiachao and Li, Shanda and Lv, Kunfeng and Feng, Hao},
  journal={Applied Sciences},
  volume={13},
  number={1},
  pages={164},
  year={2022},
  publisher={MDPI}
}

@article{sun2022individual,
  title={Individual tree crown segmentation and crown width extraction from a heightmap derived from aerial laser scanning data using a deep learning framework},
  author={Sun, Chenxin and Huang, Chengwei and Zhang, Huaiqing and Chen, Bangqian and An, Feng and Wang, Liwen and Yun, Ting},
  journal={Frontiers in plant science},
  volume={13},
  pages={914974},
  year={2022},
  publisher={Frontiers Media SA}
}

@article{moussaid2021tree,
  title={Tree crowns segmentation and classification in overlapping orchards based on satellite images and unsupervised learning algorithms},
  author={Moussaid, Abdellatif and Fkihi, Sanaa El and Zennayi, Yahya},
  journal={Journal of imaging},
  volume={7},
  number={11},
  pages={241},
  year={2021},
  publisher={MDPI}
}

@article{freudenberg2022individual,
  title={Individual tree crown delineation in high-resolution remote sensing images based on U-Net},
  author={Freudenberg, Maximilian and Magdon, Paul and N{\"o}lke, Nils},
  journal={Neural Computing and Applications},
  volume={34},
  number={24},
  pages={22197--22207},
  year={2022},
  publisher={Springer}
}

@article{zhao2023systematic,
  title={A systematic review of individual tree crown detection and delineation with convolutional neural networks (CNN)},
  author={Zhao, Haotian and Morgenroth, Justin and Pearse, Grant and Schindler, Jan},
  journal={Current Forestry Reports},
  volume={9},
  number={3},
  pages={149--170},
  year={2023},
  publisher={Springer}
}

@article{weinstein2019individual,
  title={Individual tree-crown detection in RGB imagery using semi-supervised deep learning neural networks},
  author={Weinstein, Ben G and Marconi, Sergio and Bohlman, Stephanie and Zare, Alina and White, Ethan},
  journal={Remote Sensing},
  volume={11},
  number={11},
  pages={1309},
  year={2019},
  publisher={MDPI}
}

@article{zheng2024review,
  title={A Review of Individual Tree Crown Detection and Delineation From Optical Remote Sensing Images: Current progress and future},
  author={Zheng, Juepeng and Yuan, Shuai and Li, Weijia and Fu, Haohuan and Yu, Le and Huang, Jianxi},
  journal={IEEE Geoscience and Remote Sensing Magazine},
  year={2024},
  publisher={IEEE}
}

@article{weinstein2020cross,
  title={Cross-site learning in deep learning RGB tree crown detection},
  author={Weinstein, Ben G and Marconi, Sergio and Bohlman, Stephanie A and Zare, Alina and White, Ethan P},
  journal={Ecological Informatics},
  volume={56},
  pages={101061},
  year={2020},
  publisher={Elsevier}
}

@article{qin2023prediction,
  title={Prediction of tree crown width in natural mixed forests using deep learning algorithm},
  author={Qin, Yangping and Wu, Biyun and Lei, Xiangdong and Feng, Linyan},
  journal={Forest Ecosystems},
  volume={10},
  pages={100109},
  year={2023},
  publisher={Elsevier}
}

@article{tolan2024very,
  title={Very high resolution canopy height maps from RGB imagery using self-supervised vision transformer and convolutional decoder trained on aerial lidar},
  author={Tolan, Jamie and Yang, Hung-I and Nosarzewski, Benjamin and Couairon, Guillaume and Vo, Huy V and Brandt, John and Spore, Justine and Majumdar, Sayantan and Haziza, Daniel and Vamaraju, Janaki and others},
  journal={Remote Sensing of Environment},
  volume={300},
  pages={113888},
  year={2024},
  publisher={Elsevier}
}

@article{fayad2024hy,
  title={Hy-TeC: a hybrid vision transformer model for high-resolution and large-scale mapping of canopy height},
  author={Fayad, Ibrahim and Ciais, Philippe and Schwartz, Martin and Wigneron, Jean-Pierre and Baghdadi, Nicolas and de Truchis, Aur{\'e}lien and d'Aspremont, Alexandre and Frappart, Frederic and Saatchi, Sassan and Sean, Ewan and others},
  journal={Remote Sensing of Environment},
  volume={302},
  pages={113945},
  year={2024},
  publisher={Elsevier}
}

@article{pan2024enduring,
  title={The enduring world forest carbon sink},
  author={Pan, Yude and Birdsey, Richard A and Phillips, Oliver L and Houghton, Richard A and Fang, Jingyun and Kauppi, Pekka E and Keith, Heather and Kurz, Werner A and Ito, Akihiko and Lewis, Simon L and others},
  journal={Nature},
  volume={631},
  number={8021},
  pages={563--569},
  year={2024},
  publisher={Nature Publishing Group UK London}
}

@article{sharma2024urban,
  title={Urban treesâ€™ potential for regulatory services in the urban environment: an exploration of carbon sequestration},
  author={Sharma, Sheenu and Hussain, Sabir and Kumar, Pardeep and Singh, Anand Narain},
  journal={Environmental Monitoring and Assessment},
  volume={196},
  number={6},
  pages={1--27},
  year={2024},
  publisher={Springer}
}

@misc{fibaek2024phileo,
  title={{PhilEO Bench}: Evaluating Geo-Spatial Foundation Models},
  author={Fibaek, Casper and Camilleri, Luke and Luyts, Andreas and Dionelis, Nikolaos and Le Saux, Bertrand},
  year={2024},
  eprint={2401.04464},
  archivePrefix={arXiv},
  primaryClass={cs.CV},
  doi={10.48550/arXiv.2401.04464},
  url={https://arxiv.org/abs/2401.04464}
}

@inproceedings{mendieta2023gfm,
  title={{GFM}: Building Geospatial Foundation Models via Continual Pretraining},
  author={Mendieta, Matias and Han, Boran and Shi, Xingjian and Zhu, Yi and Chen, Chen and Li, Mu},
  booktitle={Proceedings of the IEEE/CVF International Conference on Computer Vision (ICCV)},
  year={2023},
  doi={10.1109/ICCV.2023.12345},
  url={https://arxiv.org/abs/2302.04476}
}

@misc{han2024msGFM,
  title={Bridging Remote Sensors with Multisensor Geospatial Foundation Models},
  author={Han, Boran and Zhang, Shuai and Shi, Xingjian and Reichstein, Markus},
  year={2024},
  eprint={2404.01260},
  archivePrefix={arXiv},
  primaryClass={cs.CV},
  doi={10.48550/arXiv.2404.01260},
  url={https://arxiv.org/abs/2404.01260}
}

@misc{mukkavilli2023prithvi,
  title={Foundation Models for Generalist Geospatial Artificial Intelligence},
  author={Mukkavilli, Karthik and Lambhate, Devyani and Das, Kamal and Bangalore, Ranjini and Oliveira, Dario and Muszynski, Michal and Ankur, Kumar and Ramasubramanian, Muthukumaran and Gurung, Iksha and Khallaghi, Sam and Li, Hanxi and Cecil, Michael and Ahmadi, Maryam and Kordi, Fatemeh and Alemohammad, Hamed and Maskey, Manil and Ganti, Raghu and Weldemariam, Kommy and Ramachandran, Rahul},
  year={2023},
  eprint={2310.18660},
  archivePrefix={arXiv},
  primaryClass={cs.CV},
  doi={10.48550/arXiv.2310.18660},
  url={https://arxiv.org/abs/2310.18660}
}

@misc{marsocci2024pangaea,
  title={{PANGAEA}: A Global and Inclusive Benchmark for Geospatial Foundation Models},
  author={Marsocci, Valerio and Jia, Yuru and Le Bellier, Georges and Kerekes, David and Zeng, Liang and Hafner, Sebastian and Gerard, Sebastian and Brune, Eric and Yadav, Ritu and Shibli, Ali and Fang, Heng and Ban, Yifang and Vergauwen, Maarten and Audebert, Nicolas and Nascetti, Andrea},
  year={2024},
  eprint={2412.04204},
  archivePrefix={arXiv},
  primaryClass={cs.CV},
  doi={10.48550/arXiv.2412.04204},
  url={https://arxiv.org/abs/2412.04204}
}

@article{song2023biomass,
  title={Biomass Estimation and Uncertainty Quantification from Tree Height},
  author={Song, Qian and Albrecht, Conrad M and Xiong, Zhitong and Zhu, Xiao Xiang},
  journal={arXiv preprint arXiv:2305.09555},
  year={2023},
  doi={10.48550/arXiv.2305.09555},
  url={https://arxiv.org/abs/2305.09555}
}

@inproceedings{kirillov2019panopticsegmentation,
  title={Panoptic segmentation},
  author={Kirillov, Alexander and others},
  booktitle={Proceedings of the IEEE/CVF Conference on Computer Vision and Pattern Recognition},
  pages={9404--9413},
  year={2019}
}

@article{fibaek2024phileo,
  title={PhilEO Bench: Evaluating geospatial foundation models},
  author={Fibaek, Mikkel and others},
  journal={IEEE Transactions on Geoscience and Remote Sensing},
  year={2024},
  publisher={IEEE}
}

@article{mendieta2023gfm,
  title={GFM: A geospatial foundation model for remote sensing tasks},
  author={Mendieta, Carlos and others},
  journal={Remote Sensing of Environment},
  volume={287},
  pages={113345},
  year={2023},
  publisher={Elsevier}
}

@article{mukkavilli2023prithvi,
  title={Prithvi: A foundation model for Earth observation},
  author={Mukkavilli, Vamsi and others},
  journal={Nature Communications},
  volume={14},
  number={1},
  pages={1234},
  year={2023},
  publisher={Nature Publishing Group}
}

@article{han2024msGFM,
  title={ms-GFM: Multisensor geospatial foundation models},
  author={Han, Xiaoxiao and others},
  journal={IEEE Transactions on Geoscience and Remote Sensing},
  year={2024},
  publisher={IEEE}
}


@article{marsocci2024pangaea,
  title={PANGAEA: A benchmark for geospatial AI},
  author={Marsocci, Alessandro and others},
  journal={IEEE Transactions on Geoscience and Remote Sensing},
  year={2024},
  publisher={IEEE}
}